@article{kaur_2020,
    author = {Kaur, Amandeep and Ayyagari, Srinidhi and Mishra, Manasi and Thukral, Rachit},
    year = {2020},
    month = {12},
    pages = {1-10},
    title = {A Literature Review on Device-to-Device Data Exchange Formats for IoT Applications},
    volume = {1},
    journal = {Journal of Intelligent Systems and Computing},
    doi = {10.51682/JISCOM.00101001.2020}
}
@misc{viotti_2022,
      title={A Survey of JSON-compatible Binary Serialization Specifications}, 
      author={Juan Cruz Viotti and Mital Kinderkhedia},
      year={2022},
      eprint={2201.02089},
      archivePrefix={arXiv},
      primaryClass={cs.DB},
      url={https://arxiv.org/abs/2201.02089}, 
}

@misc{nottingham_2005,
    series =    {Request for Comments},
    number =    4287,
    howpublished =  {RFC 4287},
    publisher = {RFC Editor},
    doi =       {10.17487/RFC4287},
    url =       {https://www.rfc-editor.org/info/rfc4287},
    author =    {Mark Nottingham and Robert Sayre},
    title =     {{The Atom Syndication Format}},
    year =      2005,
    month =     dec,
    abstract =  {This document specifies Atom, an XML-based Web content and metadata syndication format. {[}STANDARDS-TRACK{]}},
}

@inproceedings{emeakaroha_2013,
    author = {Emeakaroha, Vincent and Healy, Philip and Fatema, Kaniz and Morrison, John},
    year = {2013},
    month = {12},
    pages = {},
    title = {Analysis of Data Interchange Formats for Interoperable and Efficient Data Communication in Clouds},
    doi = {10.1109/UCC.2013.79},
    booktitle = {IEEE/ACM 6th International Conference on Utility and Cloud Computing}
}

@misc{bittl_2015, 
    title={Performance comparison of data serialization schemes for ETSI ITS car-to-X communication systems}, 
    url={https://publica.fraunhofer.de/handle/publica/240238}, 
    DOI={10.24406/publica-fhg-240238}, 
    author={Bittl, Sebastian and Gonzalez, Arturo A. and Spähn, Michael and Heidrich, Wolf A.}, 
    year={2015}
}

@inproceedings{proos_2020,
  author={Proos, Daniel Persson and Carlsson, Niklas},
  booktitle={2020 IFIP Networking Conference (Networking)}, 
  title={Performance Comparison of Messaging Protocols and Serialization Formats for Digital Twins in IoV}, 
  year={2020},
  volume={},
  number={},
  pages={10-18},
  doi={}
}

@inproceedings{lysogor_2018,
  author={Lysogor, Ivan I. and Voskov, Leonid S. and Efremov, Sergey G.},
  booktitle={2018 Moscow Workshop on Electronic and Networking Technologies (MWENT)}, 
  title={Survey of data exchange formats for heterogeneous LPWAN-satellite IoT networks}, 
  year={2018},
  volume={},
  number={},
  pages={1-5},
  keywords={Logic gates;Iridium;Satellites;Sensors;Protocols;Data models;Data communication;Internet of Things;satellite networks;data exchange formats;LoraWAN;Protobuf;Iridium},
  doi={10.1109/MWENT.2018.8337257}
}


@misc{klimenko_2024,
	title = {Microservices {Data} {Formats}: {JSON}, {XML}, {Protobuf}, {Thrift}, and {Avro}},
    author = {Klimenko, Alex},
	shorttitle = {Microservices {Data} {Formats}},
	howpublished = {\href{https://medium.com/@alxkm/microservices-data-formats-json-xml-protobuf-thrift-and-avro-4dc4965f33f2}{https://medium.com/@alxkm/microservices-data-formats-json-xml-protobuf-thrift-and-avro-4dc4965f33f2}},
	urldate = {2024-11-26},
	journal = {Medium},
	month = sep,
	year = {2024}
}

@misc{waher_2013,
  title = {Efficient XML Interchange (EXI) Format},
  author = {Waher, Peter and DOI, Yusuke},
  type = {XEP},
  number = {0322},
  version = {0.6.0},
  institution = {XMPP Standards Foundation},
  url = {https://xmpp.org/extensions/xep-0322.html},
  date = {2013-03-12/2018-01-25},
}


@misc{mongodb_2024,
	title = {Tips for {JSON} {Schema} {Validation} - {MongoDB} {Manual} v8.0},
	howpublished = {\url{https://www.mongodb.com/docs/current/core/schema-validation/specify-json-schema/json-schema-tips/}},
	urldate = {2024-11-27},
	author = {MongoDB, Inc.},
	year = {2024},
}

@misc{kenton_nodate,
	title = {Cap'n {Proto}: {Introduction}},
	howpublished = {\url{https://capnproto.org/}},
	urldate = {2024-11-27},
	author = {Kenton, Varda},
}


@misc{bormann_2020,
	title = {{CBOR} - {Concise} {Binary} {Object} {Representation} {:} {Overview}},
	howpublished = {\url{https://cbor.io/}},
	urldate = {2024-11-27},
	author = {Bormann, Carsten},
	year = {2020},
}


@misc{sustainability_of_digital_formats_2024,
	type = {web page},
    howpublished = {RFC 4180},
	title = {{CSV}, {Comma} {Separated} {Values}},
	copyright = {Text is U.S. government work},
	url = {https://www.loc.gov/preservation/digital/formats/fdd/fdd000323.shtml},
	urldate = {2024-11-27},
	author = {Sustainability of Digital Formats},
	month = may,
	year = {2024},
}


@misc{amazon_2024,
	title = {Amazon {Ion}},
	howpublished = {\url{https://amazon-ion.github.io/ion-docs/}},
	urldate = {2024-11-27},
	author = {Amazon},
	year = {2024},
}

@misc{jsonschema_2024,
	title = {{JSON} {Schema}},
	howpublished = {\url{https://json-schema.org/}},
	urldate = {2024-11-27},
	author = {JSON Schema},
	year = {2024},
}


@misc{w3c_2024,
	title = {{RDF} - {Semantic} {Web} {Standards}},
	howpublished = {\url{https://www.w3.org/RDF/}},
	urldate = {2024-11-27},
	author = {W3C},
	year = {2024},
}


@misc{preston-werner_2021,
	title = {{TOML}: {Tom}'s {Obvious} {Minimal} {Language}},
	howpublished = {\url{https://toml.io/en/}},
	urldate = {2024-11-27},
	author = {Preston-Werner, Tom},
	year = {2021},
}


@misc{jsonschema_2018,
    author = {JSON Schema Everywhere},
	title = {JSON Schema Everywhere},
	howpublished = {\url{https://json-schema-everywhere.github.io}},
	urldate = {2024-11-27},
	journal = {JSON Schema Everywhere},
	year = {2018},
}


@misc{microsoft_2024,
	title = {A {Thorough} {Guide} to {Bond} for {Java}},
	howpublished = {\url{https://microsoft.github.io/bond/manual/bond_java.html#about}},
	urldate = {2024-11-28},
	author = {Microsoft},
	year = {2024},
}


@misc{google_2024,
	title = {{FlatBuffers}: {FlatBuffers}},
	howpublished = {\url{https://flatbuffers.dev/index.html\#flatbuffers\_overview}},
	urldate = {2024-11-28},
	author = {Google},
	year = {2024},
}


@misc{ubjson_2024,
	title = {Universal {Binary} {JSON} {Specification} – {The} universally compatible format specification for {Binary} {JSON}.},
	howpublished = {\url{https://ubjson.org/}},
	urldate = {2024-11-28},
	author = {ubjson},
	year = {2024},
}

@article{shameer_2013,
    author = {Shameer, M. and Haleem, P. and Puthenpediyakkal, Yazik},
    year = {2013},
    month = {06},
    pages = {47-64},
    title = {A lightweight Data Exchange Format for Mobile Transactions},
    volume = {15},
    journal = {International Journal of Computer Network and Information Security},
    doi = {10.5815/ijcnis.2023.03.04}
}

@misc{devopedia_tlv_2023,
	title = {{TLV} {Format}},
	howpublished = {\url{https://devopedia.org/tlv-format}},
	urldate = {2024-12-03},
	journal = {Devopedia},
	author = {Devopedia},
	month = feb,
	year = {2023},
}


@article{oasis_2019,
	title = {Key {Management} {Interoperability} {Protocol} {Specification} {Version} 2.0},
	url = {https://docs.oasis-open.org/kmip/kmip-spec/v2.0/cs01/kmip-spec-v2.0-cs01.html},
	urldate = {2024-12-03},
	journal = {Key Management Interoperability Protocol Specification Version 2.0},
	author = {OASIS Committee Specification},
	year = {2019},
}

@misc{viotti_2022_benchmark,
      title={A Benchmark of JSON-compatible Binary Serialization Specifications}, 
      author={Juan Cruz Viotti and Mital Kinderkhedia},
      year={2022},
      eprint={2201.03051},
      archivePrefix={arXiv},
      primaryClass={cs.SE},
      url={https://arxiv.org/abs/2201.03051}, 
}

@article{maltsev_2024,
    author = {Maltsev, Eduard and Muliarevych, Oleksandr},
    year = {2024},
    month = {06},
    pages = {9-15},
    title = {Beyond JSON: Evaluating Serialization Formats for Space-Efficient Communication},
    volume = {9},
    journal = {Advances in Cyber-Physical Systems},
    doi = {10.23939/acps2024.01.009}
}

@article{friesel_2021,
  title={Data Serialization Formats for the Internet of Things},
  author={Birte Friesel and Olaf Spinczyk},
  journal={Electron. Commun. Eur. Assoc. Softw. Sci. Technol.},
  year={2021},
  volume={80},
  url={https://api.semanticscholar.org/CorpusID:267858158}
}

@article{zunke_2014,
	title = {{JSON} vs {XML}: {A} {Comparative} {Performance} {Analysis} of {Data} {Exchange} {Formats}},
	volume = {3},
	url = {https://api.semanticscholar.org/CorpusID:64907982},
	number = {4},
	journal = {International Journal of Computer Science and Network},
	author = {Zunke, Saurabh},
	year = {2014},
	pages = {257 -- 261},
}


@misc{fastercapital_2024,
	title = {Atom feeds: {Demystifying} {Atom} {Feeds} in {Web} {Syndication}},
	howpublished = {\url{https://fastercapital.com/content/Atom-feeds--Demystifying-Atom-Feeds-in-Web-Syndication.html}},
	urldate = {2024-12-11},
	author = {FasterCapital},
	year = {2024},
}

@misc{viotti_json_2022,
	title = {{JSON} {BinPack}},
	url = {https://jsonbinpack.sourcemeta.com},
	urldate = {2024-12-18},
	journal = {A space-efficient open-source binary JSON serialization format based on JSON Schema},
	author = {Viotti, Juan Cruz},
	year = {2022},
}

@misc{itu_2024,
	title = {Introduction to {ASN}.1},
	howpublished = {\url{https://www.itu.int:443/en/ITU-T/asn1/Pages/introduction.aspx}},
    urldate = {2024-12-18},
	journal = {ITU},
	author = {ITU},
	year = {2024},
}


@misc{philips_2024,
	title = {Get {Started}},
	howpublished = {\url{https://developers.meethue.com/develop/get-started-2/}},
	urldate = {2024-12-30},
	journal = {Philips Hue Developer Program},
	author = {Philips},
	year = {2024},
}


@misc{cheema_2021,
	title = {{INI} - {Initiation} {File} {Format}},
	howpublished = {\url{https://docs.fileformat.com/system/ini/}},
	urldate = {2025-01-14},
	author = {Cheema, Sami},
	month = jul,
	year = {2021},
}

@misc{editorial_team_2023,
	title = {{INI} {Files}},
	howpublished = {\url{https://networkencyclopedia.com/ini-files/}},
	urldate = {2025-01-14},
	journal = {Network Encyclopedia},
	author = {Editorial Team},
	month = nov,
	year = {2023},
}

@techreport{perreault_2011,
	type = {Request for {Comments}},
	title = {{vCard} {Format} {Specification}},
	url = {https://datatracker.ietf.org/doc/rfc6350},
    howpublished = {RFC 6350},
	number = {RFC 6350},
	urldate = {2025-01-14},
	institution = {Internet Engineering Task Force},
	author = {Perreault, Simon},
	month = aug,
	year = {2011},
}

@misc{ogc_2021,
	title = {{OGC} {SensorThings} {API} {Part} 1: {Sensing} {Version} 1.1},
	howpublished = {\url{https://docs.ogc.org/is/18-088/18-088.html#overview1}},
	urldate = {2025-01-14},
	author = {Open Geospatial Consortium},
	year = {2021},
}

@misc{withings_2025,
	title = {Heart v2 - {List}},
	howpublished = {\url{https://developer.withings.com/api-reference/}},
	urldate = {2025-01-14},
	journal = {API Reference},
	author = {Withings},
	year = {2025},
}

@misc{prudhommeaux_2003,
	title = {{RDF} {Application} {Overview}},
	howpublished = {\url{https://www.w3.org/2003/Talks/14-Nov-RDFApp/all.htm}},
	urldate = {2025-01-14},
	author = {{Prud'hommeaux, Eric}},
	year = {2003},
}


@misc{buildpiper_2023,
	title = {All you need to know about {YAML} {Files}!},
	howpublished = {\url{https://medium.com/buildpiper/all-you-need-to-know-about-yaml-files-8fa319b1f26f}},
	urldate = {2025-01-14},
	journal = {BuildPiper},
	author = {{BuildPiper}},
	month = mar,
	year = {2023},
}


@misc{fanruan_2024,
	title = {Exploring {Various} {Data} {Formats} and {Their} {Uses}},
	howpublished = {\url{https://www.fanruan.com/en/glossary/big-data/data-format}},
	urldate = {2025-01-16},
	author = {FanRuan Software Co},
	month = oct,
	year = {2024},
}


@misc{w3c_2014,
	title = {Efficient {XML} {Interchange} ({EXI}) {Format} 1.0 ({Second} {Edition})},
	howpublished = {\url{https://www.w3.org/TR/exi/#encodingBinary}},
	urldate = {2025-01-16},
	author = {W3C},
	month = nov,
	year = {2014},
}


@misc{apache_parquet_2025,
	title = {Overview},
	howpublished = {\url{https://parquet.apache.org/docs/overview/}},
	urldate = {2025-01-17},
	journal = {Apache Parquet},
	author = {Apache Parquet},
	month = feb,
	year = {2025},
}


@misc{google_2025,
	title = {Encoding},
	howpublished = {\url{https://protobuf.dev/programming-guides/encoding/}},
	urldate = {2025-01-21},
	journal = {Protocol Buffers Documentation},
	author = {Google},
	year = {2025},
}


@misc{javatpoint_2025,
	title = {{YAML} {Datatypes} - javatpoint},
	howpublished = {\url{https://www.javatpoint.com/yaml-data-types}},
	urldate = {2025-01-21},
	journal = {www.javatpoint.com},
	author = {Javatpoint},
	year = {2025},
}


@misc{caucho_2007,
	title = {Hessian 2.0 {Specification} ({Draft} 2)},
	howpublished = {\url{https://www.caucho.com/resin-3.1/doc/hessian-2.0-spec.xtp}},
	urldate = {2025-01-21},
	author = {Caucho Technology},
	year = {2007},
}



@inproceedings{huseynov_2024,
	title = {A {Data} {Serialization}-based {Framework} for {Efficient} {IoT} {Management}},
	url = {https://ieeexplore.ieee.org/document/10811147},
	doi = {10.1109/WF-IoT62078.2024.10811147},
	urldate = {2025-02-06},
	booktitle = {2024 {IEEE} 10th {World} {Forum} on {Internet} of {Things} ({WF}-{IoT})},
	author = {Huseynov, Khayal and Cakir, Lal Verda and Al-Shareeda, Sarah and Özdem, Mehmet and Canberk, Berk},
	month = nov,
	year = {2024},
	note = {ISSN: 2768-1734},
	pages = {707--712},
}


@techreport{sun_microsystems_1987,
	type = {Request for {Comments}},
	title = {{XDR}: {External} {Data} {Representation} standard},
	shorttitle = {{XDR}},
	url = {https://datatracker.ietf.org/doc/rfc1014},
	number = {RFC 1014},
	urldate = {2025-02-06},
	institution = {Internet Engineering Task Force},
	author = {Sun Microsystems, Inc.},
	month = jun,
	year = {1987},
}

@inproceedings{ahmad_2020,
  title={A low latency and consistent cellular control plane},
  author={Ahmad, Mukhtiar and Jafri, Syed Usman and Ikram, Azam and Qasmi, Wasiq Noor Ahmad and Nawazish, Muhammad Ali and Uzmi, Zartash Afzal and Qazi, Zafar Ayyub},
  booktitle={Proceedings of the Annual conference of the ACM Special Interest Group on Data Communication on the applications, technologies, architectures, and protocols for computer communication},
  pages={648--661},
  year={2020}
}

@article{jackson_2024,
  title={Streaming Technologies and Serialization Protocols: Empirical Performance Analysis},
  author={Jackson, Samuel and Cummings, Nathan and Khan, Saiful},
  journal={IEEE Access},
  year={2024},
  publisher={IEEE}
}

@inproceedings{petersen_2017,
  author={Petersen, Bo and Bindner, Henrik and Poulsen, Bjarne and You, Shi},
  booktitle={2017 IEEE PES Innovative Smart Grid Technologies Conference Europe (ISGT-Europe)}, 
  title={Smart grid communication comparison: Distributed control middleware and serialization comparison for the Internet of Things}, 
  year={2017},
  volume={},
  number={},
  pages={1-6},
  keywords={Throughput;Smart grids;Publish-subscribe;Web services;XML;Ice;Smart Grid;Internet of Things;Communication Middleware;Serialization;Performance Comparison},
  doi={10.1109/ISGTEurope.2017.8260268}}

@misc{supplement,
    author={Kasper, Bianca and Pawlitzek, Rene and Hellwig, Michael},
    title={Code repository and supplementary material of the data exchange format comparion for {IoT} systems},
    note={\href{link2github.something}{link2github.something}},
    year={2025}    }